<?xml version="1.0" encoding="UTF-8"?><record xmlns="http://www.loc.gov/MARC21/slim" xmlns:cinclude="http://apache.org/cocoon/include/1.0" xmlns:zs="http://www.loc.gov/zing/srw/">
  <leader>00793cz  a2200181n  4500</leader>
  <controlfield tag="001">no 92012039 </controlfield>
  <controlfield tag="003">DLC</controlfield>
  <controlfield tag="005">20130311102808.0</controlfield>
  <controlfield tag="008">920507n| azannaabn          |a aaa     c</controlfield>
  <datafield tag="010" ind1=" " ind2=" ">
    <subfield code="a">no 92012039 </subfield>
  </datafield>
  <datafield tag="035" ind1=" " ind2=" ">
    <subfield code="a">(OCoLC)oca03170964</subfield>
  </datafield>
  <datafield tag="040" ind1=" " ind2=" ">
    <subfield code="a">CU-S</subfield>
    <subfield code="b">eng</subfield>
    <subfield code="e">rda</subfield>
    <subfield code="c">CU-S</subfield>
    <subfield code="d">OCoLC</subfield>
    <subfield code="d">DLC</subfield>
    <subfield code="d">InU</subfield>
  </datafield>
  <datafield tag="100" ind1="1" ind2=" ">
    <subfield code="a">Quiroz Martínez, M.</subfield>
    <subfield code="q">(Manuel)</subfield>
  </datafield>
  <datafield tag="400" ind1="1" ind2=" ">
    <subfield code="a">Martínez, M. Quiroz (Manuel Quiroz)</subfield>
  </datafield>
  <datafield tag="400" ind1="1" ind2=" ">
    <subfield code="w">nna</subfield>
    <subfield code="a">Quiroz Martínez, Manuel</subfield>
  </datafield>
  <datafield tag="670" ind1=" " ind2=" ">
    <subfield code="a">His La educación pública en el Distrito Norte de la Baja California, 1928:</subfield>
    <subfield code="b">t.p. (M. Quiroz Martínez) p. 15 (Manuel Quiroz Martínez)</subfield>
  </datafield>
  <datafield tag="670" ind1=" " ind2=" ">
    <subfield code="a">Monografía histórica de la Universidad de Sonora, 1999:</subfield>
    <subfield code="b">t.p. (Manuel Quiróz Martínez)</subfield>
  </datafield>
  <datafield tag="670" ind1=" " ind2=" ">
    <subfield code="a">LC data base, May 1, 2001</subfield>
    <subfield code="b">(hdg: Quiroz Martínez, Manuel; usage: Manuel Quiroz Martínez)</subfield>
  </datafield>
</record>